<record><leader>00000cas a22000007a 4500</leader><controlfield tag="001">18884035</controlfield><controlfield tag="008">881210d19uu1956iauwr ne      0    0eng d</controlfield><datafield ind1=" " ind2=" " tag="010"><subfield code="a">sn 88059714 </subfield></datafield><datafield ind1=" " ind2=" " tag="040"><subfield code="a">INP</subfield><subfield code="b">eng</subfield><subfield code="c">INP</subfield><subfield code="d">OCLCQ</subfield></datafield><datafield ind1=" " ind2=" " tag="042"><subfield code="a">msc</subfield></datafield><datafield ind1="0" ind2=" " tag="130"><subfield code="a">Farm Bureau news (Bettendorf, Iowa)</subfield></datafield><datafield ind1="1" ind2="0" tag="245"><subfield code="a">Farm Bureau news.</subfield></datafield><datafield ind1=" " ind2=" " tag="260"><subfield code="a">Bettendorf, Iowa :</subfield><subfield code="b">LeRoy E. Kakert</subfield></datafield><datafield ind1=" " ind2=" " tag="300"><subfield code="a">v.</subfield></datafield><datafield ind1=" " ind2=" " tag="310"><subfield code="a">Weekly</subfield></datafield><datafield ind1="1" ind2=" " tag="362"><subfield code="a">Ceased in 1956.</subfield></datafield><datafield ind1=" " ind2=" " tag="588"><subfield code="a">Description based on: Vol. 18, no. 40 (Jan. 1, 1947).</subfield></datafield><datafield ind1=" " ind2=" " tag="752"><subfield code="a">United States</subfield><subfield code="b">Iowa</subfield><subfield code="c">Scott</subfield><subfield code="d">Bettendorf.</subfield></datafield><datafield ind1="0" ind2="0" tag="780"><subfield code="t">Scott County Farm Bureau news</subfield><subfield code="w">(DLC)sn 88059715</subfield></datafield><datafield ind1="0" ind2="0" tag="785"><subfield code="t">Bettendorf press</subfield><subfield code="w">(DLC)sn 88059717</subfield></datafield></record>